<record><leader>00000cas a2200000 a 4500</leader><controlfield tag="001">49235204</controlfield><controlfield tag="007">hd afb---bacp</controlfield><controlfield tag="007">hd bfb---babp</controlfield><controlfield tag="008">020304d19331974wauwr nea     0    0eng c</controlfield><datafield ind1=" " ind2=" " tag="010"><subfield code="a">  2002252122</subfield></datafield><datafield ind1=" " ind2=" " tag="040"><subfield code="a">WAU</subfield><subfield code="b">eng</subfield><subfield code="c">WAU</subfield><subfield code="d">OCLCQ</subfield><subfield code="d">OCLCF</subfield><subfield code="d">OCLCO</subfield><subfield code="d">OCLCQ</subfield><subfield code="d">OCLCA</subfield></datafield><datafield ind1=" " ind2=" " tag="042"><subfield code="a">pcc</subfield></datafield><datafield ind1=" " ind2=" " tag="043"><subfield code="a">n-us-wa</subfield></datafield><datafield ind1="0" ind2=" " tag="130"><subfield code="a">University District herald (Seattle, Wash. : 1933)</subfield></datafield><datafield ind1="1" ind2="0" tag="245"><subfield code="a">University District herald.</subfield></datafield><datafield ind1="1" ind2="7" tag="246"><subfield code="a">Twice-a-week University District herald</subfield><subfield code="f">1933-Sept. 18, 1934</subfield></datafield><datafield ind1=" " ind2=" " tag="260"><subfield code="a">Seattle, Wash. :</subfield><subfield code="b">University Pub. Co.,</subfield><subfield code="c">[1933-1974]</subfield></datafield><datafield ind1=" " ind2=" " tag="300"><subfield code="a">42 volumes :</subfield><subfield code="b">illustrations</subfield></datafield><datafield ind1=" " ind2=" " tag="310"><subfield code="a">Weekly,</subfield><subfield code="b">Sept. 21, 1934-1974</subfield></datafield><datafield ind1=" " ind2=" " tag="321"><subfield code="a">Semiweekly,</subfield><subfield code="b">1933-Sept. 18, 1934</subfield></datafield><datafield ind1=" " ind2=" " tag="336"><subfield code="a">text</subfield><subfield code="b">txt</subfield><subfield code="2">rdacontent</subfield></datafield><datafield ind1=" " ind2=" " tag="337"><subfield code="a">microform</subfield><subfield code="b">h</subfield><subfield code="2">rdamedia</subfield></datafield><datafield ind1=" " ind2=" " tag="338"><subfield code="a">microfilm reel</subfield><subfield code="b">hd</subfield><subfield code="2">rdacarrier</subfield></datafield><datafield ind1="0" ind2=" " tag="362"><subfield code="a">Vol. 16, no. 62 (Jan. 31, 1933)-v. no. 57, no. 36 (Jan. 30, 1974).</subfield></datafield><datafield ind1=" " ind2=" " tag="580"><subfield code="a">Merged with: Ballard news tribune (Seattle, Wash. : 1963), Northgate North Seattle journal, Aurora-Shoreline journal, Seattle shopping news, Penny saver want ads, Insight (Seattle, Wash. : 1974), and: Buyer's guide (Seattle, Wash.); to form: University today, and: Ballard today.</subfield></datafield><datafield ind1=" " ind2=" " tag="533"><subfield code="a">Microfilm.</subfield><subfield code="b">[Seattle, Wash.] :</subfield><subfield code="c">Filmed for the University of Washington Libraries.</subfield><subfield code="e">33 microfilm reels ; 35 mm.</subfield><subfield code="n">Filmed with other titles.</subfield></datafield><datafield ind1=" " ind2="0" tag="651"><subfield code="a">University District (Seattle, Wash.)</subfield><subfield code="v">Newspapers.</subfield></datafield><datafield ind1=" " ind2="0" tag="651"><subfield code="a">Seattle (Wash.)</subfield><subfield code="v">Newspapers.</subfield></datafield><datafield ind1=" " ind2="7" tag="651"><subfield code="a">Washington (State)</subfield><subfield code="z">Seattle.</subfield><subfield code="2">fast</subfield><subfield code="0">(OCoLC)fst01204940</subfield></datafield><datafield ind1=" " ind2="7" tag="651"><subfield code="a">Washington (State)</subfield><subfield code="z">Seattle</subfield><subfield code="z">University District.</subfield><subfield code="2">fast</subfield><subfield code="0">(OCoLC)fst01317274</subfield></datafield><datafield ind1=" " ind2="7" tag="655"><subfield code="a">Newspapers.</subfield><subfield code="2">fast</subfield><subfield code="0">(OCoLC)fst01423814</subfield></datafield><datafield ind1=" " ind2=" " tag="752"><subfield code="a">United States</subfield><subfield code="b">Washington</subfield><subfield code="c">King</subfield><subfield code="d">Seattle.</subfield></datafield><datafield ind1="0" ind2="0" tag="780"><subfield code="t">Twice-a-week University District herald</subfield><subfield code="w">(DLC)  2002252121</subfield></datafield><datafield ind1="1" ind2="7" tag="785"><subfield code="t">Ballard news tribune (Seattle, Wash. : 1963)</subfield><subfield code="w">(DLC)  2002252141</subfield><subfield code="w">(OCoLC)42344042</subfield></datafield><datafield ind1="1" ind2="7" tag="785"><subfield code="t">Northgate North Seattle journal</subfield><subfield code="w">(DLC)  2002252113</subfield><subfield code="w">(OCoLC)49224809</subfield></datafield><datafield ind1="1" ind2="7" tag="785"><subfield code="t">Aurora-Shoreline journal</subfield></datafield><datafield ind1="1" ind2="7" tag="785"><subfield code="t">Seattle shopping news</subfield></datafield><datafield ind1="1" ind2="7" tag="785"><subfield code="t">Penny saver want ads</subfield></datafield><datafield ind1="1" ind2="7" tag="785"><subfield code="t">Insight (Seattle, Wash. : 1974)</subfield></datafield><datafield ind1="1" ind2="7" tag="785"><subfield code="t">Buyer's guide (Seattle, Wash.)</subfield></datafield><datafield ind1="1" ind2="7" tag="785"><subfield code="t">University today</subfield><subfield code="w">(DLC)  2002252116</subfield><subfield code="w">(OCoLC)49224830</subfield></datafield><datafield ind1="1" ind2="7" tag="785"><subfield code="t">Ballard today</subfield><subfield code="w">(DLC)  2002252142</subfield><subfield code="w">(OCoLC)49224597</subfield></datafield><datafield ind1="1" ind2=" " tag="029"><subfield code="a">AU@</subfield><subfield code="b">000023395559</subfield></datafield></record>